% This file was created with JabRef 2.8.1.
% Encoding: Cp1252

@article{sutner:iterating,
  author  = {K. Sutner and K. Lewi},
  title   = {Iterating Inverse Binary Transducers},
  journal = {Journal of Automata, Languages, and Combinators},
  year    = 2012,
  volume  = 17,
  number  = {2--4},
  pages   = {293--313}
}

% TODO finish
@ARTICLE{sutner:coords,
  author = {K. Sutner},
  title = {Invertible Transducers, Iterations and Coordinates},
  journal = {TODO},
  year = {2013},
}

@PhdThesis{okano:thesis,
  author = {T. Okano},
  title =  {Invertible Binary Transducers and Automorphisms of the Binary Tree},
  school = {Carnegie Mellon University},
  year =   2015,
  month =  {May},
  annote = {okano}
}

@Book{NekrashevychSidki04:automorphisms,
  author =  {V. Nekrashevych and S. Sidki},
  title =   {Automorphisms of the binary tree: state-closed subgroups and dynamics of 1/2-endomorphisms},
  publisher = {Cambridge University Press},
  year =    2004,
  url = {http://dx.doi.org/10.1017/CBO9780511550706}
}

@Book{Nekrashevych05:self_similar_groups,
  author =       {V. Nekrashevych},
  title =        {Self-Similar Groups},
  publisher =    {AMS},
  year =         2005,
  volume =       117,
  series =       {Math. Surveys and Monographs},
  isbn =         {0821838318},
  isbn13 =       {978-0-8218-3831-0}
}

@PhdThesis{Muntyan09:automata_groups,
  author =       {Y. Muntyan},
  title =        {Automata Groups},
  school =       {Texas A\&M University},
  year =         2009,
  month =     {May},
  annote =    {invertible-algo}
}

@Article{Konig15:knapsack,
  author =       {D. Konig and M. Lohrey and G. Zetzsche},
  title =        {Knapsack and subset sum problems in nilpotent, polycyclic, and co-context-free groups},
  journal =      {Contemporary Mathematics},
  year =         2015
}

% TODO check
@Article{sunic:conj,
  author =      {Z. Sunic and E. Ventura},
  title =       {The conjugacy problem in automaton groups is not solvable},
  journal =     {Journal of Algebra},
  year =        2012,
  volume =      364,
  number =    {148--154}
}

@article{gillibert:finite,
  author    = {Pierre Gillibert},
  title     = {The finiteness problem for automaton semigroups is undecidable},
  journal   = {CoRR},
  volume    = {abs/1304.2295},
  year      = {2013},
  url       = {http://arxiv.org/abs/1304.2295},
  timestamp = {Thu, 02 May 2013 15:54:11 +0200},
  biburl    = {http://dblp.uni-trier.de/rec/bib/journals/corr/abs-1304-2295},
  bibsource = {dblp computer science bibliography, http://dblp.org}
}

% TODO check this 
@Article{Godin:knapsack,
  author =       {T. Godin},
  title =        {Knapsack problem for automaton groups},
  journal =      {HAL},
  year =         2016
}

@Article{Cain09:auto_sg,
  author =       {A.~J.~Cain},
  title =        {Automaton Semigroups},
  journal =      {TCS},
  year =         2009,
  volume =    410,
  number =    {47--49},
  pages =     {5022--5038},
  annote =    {invertible}
}

@Article{Cain09:dec_prob,
  author =       {A.~J.~Cain and V. Maltcev},
  title =        {Decision Problems for Finitely Presented and One-Relation Semigroups and Monoids},
  journal =      {International Journal of Algebra and Computation},
  year =         2009,
  volume =    19,
  number =    {6},
  pages =     {747-770},
}

@Article{Kharlampovich11:automatic_structures_groups,
   author = {O. Kharlampovich  and B. Khoussainov and A. Miasnikov},
    title = "{From automatic structures to automatic groups}",
  journal = {ArXiv e-prints},
archivePrefix = "arXiv",
   eprint = {1107.3645},
 primaryClass = "math.GR",
  year = 2011,
    month = jul,
   adsurl = {http://adsabs.harvard.edu/abs/2011arXiv1107.3645K},
  adsnote = {Provided by the SAO/NASA Astrophysics Data System}
}

@article{BartholdiSilva10a:groups_automata,
  author    = {L. Bartholdi and P. V. Silva},
  title     = {Groups defined by automata},
  journal   = {CoRR},
  volume    = {abs/1012.1531},
  year      = {2010},
  ee        = {http://arxiv.org/abs/1012.1531},
  bibsource = {DBLP, http://dblp.uni-trier.de},
  annote =    {invertible}
}

% TODO not sure if I mixed up the volume and number
@article{davis:note_utm,
  author  = {M.~Davis},
  title   = {A note on universal Turing machines},
  journal = {Annals of Mathematics studies},
  year    = 1956,
  volume  = {34},
  pages   = {167--175}
}

@article{davis:defn_utm,
  author  = {M.~Davis},
  title   = {The definition of universal Turing machine},
  journal = {Proceedings of the American Mathematical Society},
  year    = 1957,
  volume  = {8},
  pages   = {1125-1126}
}

@article{shepherdson:machine_config,
  author  = {J.~C. Shepherdson},
  title   = {Machine configuration and word problems of given degree
             of unsolvability},
  journal = {Z. f. Math. Logik u. Grundlagen d. Mathematik},
  year    = 1965,
  volume  = {11},
  pages   = {149--175}
}